<record><leader>00000cas a22000007a 4500</leader><controlfield tag="001">40192841</controlfield><controlfield tag="008">981029d196019uucauwr ne      0    0eng d</controlfield><datafield ind1=" " ind2=" " tag="010"><subfield code="a">sn 98061925 </subfield></datafield><datafield ind1=" " ind2=" " tag="040"><subfield code="a">CNK</subfield><subfield code="b">eng</subfield><subfield code="c">CNK</subfield><subfield code="d">OCLCQ</subfield><subfield code="d">OCLCF</subfield><subfield code="d">OCLCO</subfield></datafield><datafield ind1="1" ind2=" " tag="029"><subfield code="a">AU@</subfield><subfield code="b">000024787206</subfield></datafield><datafield ind1=" " ind2=" " tag="042"><subfield code="a">msc</subfield></datafield><datafield ind1=" " ind2=" " tag="043"><subfield code="a">n-us-ca</subfield></datafield><datafield ind1="0" ind2="0" tag="245"><subfield code="a">Yountville journal.</subfield></datafield><datafield ind1=" " ind2=" " tag="260"><subfield code="a">Napa, Calif. :</subfield><subfield code="b">[s.n.]</subfield></datafield><datafield ind1=" " ind2=" " tag="300"><subfield code="a">v.</subfield></datafield><datafield ind1=" " ind2=" " tag="310"><subfield code="a">Weekly</subfield></datafield><datafield ind1="1" ind2=" " tag="362"><subfield code="a">Began in 1960.</subfield></datafield><datafield ind1=" " ind2=" " tag="580"><subfield code="a">Issued as a separate section of: Napa journal (Napa, Calif. : 1957).</subfield></datafield><datafield ind1=" " ind2=" " tag="588"><subfield code="a">Description based on: Vol. 1, no. 3 (Aug. 4, 1960).</subfield></datafield><datafield ind1=" " ind2="0" tag="651"><subfield code="a">Yountville (Calif.)</subfield><subfield code="v">Newspapers.</subfield></datafield><datafield ind1=" " ind2="7" tag="655"><subfield code="a">Newspapers.</subfield><subfield code="2">fast</subfield><subfield code="0">(OCoLC)fst01423814</subfield></datafield><datafield ind1=" " ind2="7" tag="651"><subfield code="a">California</subfield><subfield code="z">Yountville.</subfield><subfield code="2">fast</subfield><subfield code="0">(OCoLC)fst01208978</subfield></datafield><datafield ind1=" " ind2=" " tag="752"><subfield code="a">United States</subfield><subfield code="b">California</subfield><subfield code="c">Napa</subfield><subfield code="d">Napa.</subfield></datafield><datafield ind1="1" ind2=" " tag="777"><subfield code="t">Napa journal (Napa, Calif. : 1957)</subfield><subfield code="w">(DLC)sn 98061924</subfield></datafield></record>